@ARTICLE{Pringle1981,
   author = {{Pringle}, J.~E.},
    title = "{Accretion discs in astrophysics}",
  journal = {\araa},
 keywords = {Astrophysics, Disks (Shapes), Gravitational Effects, Mass Transfer, Radiative Transfer, Stellar Mass Accretion, Angular Momentum, Circular Orbits, Neutron Stars, Orbital Mechanics, Rotating Fluids, Stellar Radiation, Viscosity},
     year = 1981,
   volume = 19,
    pages = {137-162},
      doi = {10.1146/annurev.aa.19.090181.001033},
   adsurl = {http://adsabs.harvard.edu/abs/1981ARA%26A..19..137P},
  adsnote = {Provided by the SAO/NASA Astrophysics Data System}
}

@ARTICLE{deValBorro2006,
   author = {{de Val-Borro}, M. and {Edgar}, R.~G. and {Artymowicz}, P. and 
	{Ciecielag}, P. and {Cresswell}, P. and {D'Angelo}, G. and {Delgado-Donate}, E.~J. and 
	{Dirksen}, G. and {Fromang}, S. and {Gawryszczak}, A. and {Klahr}, H. and 
	{Kley}, W. and {Lyra}, W. and {Masset}, F. and {Mellema}, G. and 
	{Nelson}, R.~P. and {Paardekooper}, S.-J. and {Peplinski}, A. and 
	{Pierens}, A. and {Plewa}, T. and {Rice}, K. and {Sch{\"a}fer}, C. and 
	{Speith}, R.},
    title = "{A comparative study of disc-planet interaction}",
  journal = {\mnras},
   eprint = {astro-ph/0605237},
 keywords = {accretion, accretion discs: hydrodynamics: planets and satellites: general, accretion discs, hydrodynamics, planets and satellites: general},
     year = 2006,
    month = aug,
   volume = 370,
    pages = {529-558},
      doi = {10.1111/j.1365-2966.2006.10488.x},
   adsurl = {http://adsabs.harvard.edu/abs/2006MNRAS.370..529D},
  adsnote = {Provided by the SAO/NASA Astrophysics Data System}
}
